@String(PAMI = {IEEE Trans. Pattern Anal. Mach. Intell.})
@String(IJCV = {Int. J. Comput. Vis.})
@String(CVPR= {IEEE Conf. Comput. Vis. Pattern Recog.})
@String(ICCV= {Int. Conf. Comput. Vis.})
@String(ECCV= {Eur. Conf. Comput. Vis.})
@String(NIPS= {Adv. Neural Inform. Process. Syst.})
@String(ICPR = {Int. Conf. Pattern Recog.})
@String(BMVC= {Brit. Mach. Vis. Conf.})
@String(TOG= {ACM Trans. Graph.})
@String(TIP  = {IEEE Trans. Image Process.})
@String(TVCG  = {IEEE Trans. Vis. Comput. Graph.})
@String(TMM  = {IEEE Trans. Multimedia})
@String(ACMMM= {ACM Int. Conf. Multimedia})
@String(ICME = {Int. Conf. Multimedia and Expo})
@String(ICASSP=	{ICASSP})
@String(ICIP = {IEEE Int. Conf. Image Process.})
@String(ACCV  = {ACCV})
@String(ICLR = {Int. Conf. Learn. Represent.})
@String(IJCAI = {IJCAI})
@String(PR   = {Pattern Recognition})
@String(AAAI = {AAAI})
@String(CVPRW= {IEEE Conf. Comput. Vis. Pattern Recog. Worksh.})
@String(CSVT = {IEEE Trans. Circuit Syst. Video Technol.})

@String(SPL	= {IEEE Sign. Process. Letters})
@String(VR   = {Vis. Res.})
@String(JOV	 = {J. Vis.})
@String(TVC  = {The Vis. Comput.})
@String(JCST  = {J. Comput. Sci. Tech.})
@String(CGF  = {Comput. Graph. Forum})
@String(CVM = {Computational Visual Media})


@String(PAMI  = {IEEE TPAMI})
@String(IJCV  = {IJCV})
@String(CVPR  = {CVPR})
@String(ICCV  = {ICCV})
@String(ECCV  = {ECCV})
@String(NIPS  = {NeurIPS})
@String(ICPR  = {ICPR})
@String(BMVC  =	{BMVC})
@String(TOG   = {ACM TOG})
@String(TIP   = {IEEE TIP})
@String(TVCG  = {IEEE TVCG})
@String(TCSVT = {IEEE TCSVT})
@String(TMM   =	{IEEE TMM})
@String(ACMMM = {ACM MM})
@String(ICME  =	{ICME})
@String(ICASSP=	{ICASSP})
@String(ICIP  = {ICIP})
@String(ACCV  = {ACCV})
@String(ICLR  = {ICLR})
@String(IJCAI = {IJCAI})
@String(PR = {PR})
@String(AAAI = {AAAI})
@String(CVPRW= {CVPRW})
@String(CSVT = {IEEE TCSVT})



@misc{Authors14,
 author = {FirstName LastName},
 title = {The frobnicatable foo filter},
 note = {Face and Gesture submission ID 324. Supplied as supplemental material {\tt fg324.pdf}},
 year = 2014
}

@misc{Authors14b,
 author = {FirstName LastName},
 title = {Frobnication tutorial},
 note = {Supplied as supplemental material {\tt tr.pdf}},
 year = 2014
}

@article{Alpher02,
author = {FirstName Alpher},
title = {Frobnication},
journal = PAMI,
volume = 12,
number = 1,
pages = {234--778},
year = 2002
}

@article{Alpher03,
author = {FirstName Alpher and  FirstName Fotheringham-Smythe},
title = {Frobnication revisited},
journal = {Journal of Foo},
volume = 13,
number = 1,
pages = {234--778},
year = 2003
}

@article{Alpher04,
author = {FirstName Alpher and FirstName Fotheringham-Smythe and FirstName Gamow},
title = {Can a machine frobnicate?},
journal = {Journal of Foo},
volume = 14,
number = 1,
pages = {234--778},
year = 2004
}

@inproceedings{Alpher05,
author = {FirstName Alpher and FirstName Gamow},
title = {Can a computer frobnicate?},
booktitle = CVPR,
pages = {234--778},
year = 2005
}


% Our References
@article{GAN-1,
      title={GANwriting: Content-Conditioned Generation of Styled Handwritten Word Images}, 
      author={Lei Kang and Pau Riba and Yaxing Wang and Marçal Rusiñol and Alicia Fornés and Mauricio Villegas},
      year={2020},
      eprint={2003.02567},
      archivePrefix={arXiv},
      primaryClass={cs.CV}
}

@article{BRUSH-paper,
  author       = {Atsunobu Kotani and
                  Stefanie Tellex and
                  James Tompkin},
  title        = {Generating Handwriting via Decouple Style Descriptors},
  journal      = {CoRR},
  volume       = {abs/2008.11354},
  year         = {2020},
  url          = {https://arxiv.org/abs/2008.11354},
  eprinttype    = {arXiv},
  eprint       = {2008.11354},
  timestamp    = {Tue, 15 Nov 2022 21:44:10 +0100},
  biburl       = {https://dblp.org/rec/journals/corr/abs-2008-11354.bib},
  bibsource    = {dblp computer science bibliography, https://dblp.org}
}

@article{HWT,
  author       = {Ankan Kumar Bhunia and
                  Salman H. Khan and
                  Hisham Cholakkal and
                  Rao Muhammad Anwer and
                  Fahad Shahbaz Khan and
                  Mubarak Shah},
  title        = {Handwriting Transformers},
  journal      = {CoRR},
  volume       = {abs/2104.03964},
  year         = {2021},
  url          = {https://arxiv.org/abs/2104.03964},
  eprinttype    = {arXiv},
  eprint       = {2104.03964},
  timestamp    = {Thu, 12 Aug 2021 15:37:06 +0200},
  biburl       = {https://dblp.org/rec/journals/corr/abs-2104-03964.bib},
  bibsource    = {dblp computer science bibliography, https://dblp.org}
}

@article{GAN-2,
  author       = {Brian L. Davis and
                  Chris Tensmeyer and
                  Brian L. Price and
                  Curtis Wigington and
                  Bryan S. Morse and
                  Rajiv Jain},
  title        = {Text and Style Conditioned {GAN} for Generation of Offline Handwriting
                  Lines},
  journal      = {CoRR},
  volume       = {abs/2009.00678},
  year         = {2020},
  url          = {https://arxiv.org/abs/2009.00678},
  eprinttype    = {arXiv},
  eprint       = {2009.00678},
  timestamp    = {Wed, 16 Sep 2020 15:27:56 +0200},
  biburl       = {https://dblp.org/rec/journals/corr/abs-2009-00678.bib},
  bibsource    = {dblp computer science bibliography, https://dblp.org}
}

@article{Diffusion,
  author       = {Troy Luhman and
                  Eric Luhman},
  title        = {Diffusion models for Handwriting Generation},
  journal      = {CoRR},
  volume       = {abs/2011.06704},
  year         = {2020},
  url          = {https://arxiv.org/abs/2011.06704},
  eprinttype   = {arXiv},
  eprint       = {2011.06704},
  timestamp    = {Wed, 18 Nov 2020 16:48:35 +0100},
  biburl       = {https://dblp.org/rec/journals/corr/abs-2011-06704.bib},
  bibsource    = {dblp computer science bibliography, https://dblp.org}
}

@article{cRNN,
  author       = {Alex Graves},
  title        = {Generating Sequences With Recurrent Neural Networks},
  journal      = {CoRR},
  volume       = {abs/1308.0850},
  year         = {2013},
  url          = {http://arxiv.org/abs/1308.0850},
  eprinttype   = {arXiv},
  eprint       = {1308.0850},
  timestamp    = {Mon, 13 Aug 2018 16:47:21 +0200},
  biburl       = {https://dblp.org/rec/journals/corr/Graves13.bib},
  bibsource    = {dblp computer science bibliography, https://dblp.org}
}